<?xml version="1.0" encoding="UTF-8"?><collection xmlns="http://www.loc.gov/MARC21/slim"><record><leader>00353nam--2200133-i-4500</leader><controlfield tag="001">000039667</controlfield><controlfield tag="002">20161230</controlfield><controlfield tag="005">20161230201042</controlfield><controlfield tag="008">060222s1000------------r-----000-0-eng-d</controlfield><datafield ind1=" " ind2=" " tag="080"><subfield code="a">65.01</subfield></datafield><datafield ind1=" " ind2=" " tag="100"><subfield code="a">Romanu,Ion</subfield></datafield><datafield ind1=" " ind2=" " tag="245"><subfield code="a">Economentrie cu aplicatii la eficienta investitiilor</subfield></datafield><datafield ind1=" " ind2=" " tag="260"><subfield code="a">Bucuresti, Ed.St. Si Enciclopedica, 1975. 677 P</subfield></datafield><datafield ind1=" " ind2=" " tag="852"><subfield code="a">43032</subfield></datafield></record></collection>